<record><leader>00000cas a2200000 a 4500</leader><controlfield tag="001">36303359</controlfield><controlfield tag="008">970131d18771879miuwr n       0    0eng c</controlfield><datafield ind1=" " ind2=" " tag="010"><subfield code="a">sn 97063111 </subfield></datafield><datafield ind1=" " ind2=" " tag="040"><subfield code="a">MHN</subfield><subfield code="b">eng</subfield><subfield code="c">MHN</subfield><subfield code="d">OCL</subfield><subfield code="d">OCLCQ</subfield><subfield code="d">OCLCF</subfield><subfield code="d">OCLCO</subfield></datafield><datafield ind1="1" ind2=" " tag="029"><subfield code="a">AU@</subfield><subfield code="b">000013092631</subfield></datafield><datafield ind1=" " ind2=" " tag="042"><subfield code="a">pcc</subfield></datafield><datafield ind1=" " ind2=" " tag="043"><subfield code="a">n-us-mi</subfield></datafield><datafield ind1="0" ind2="4" tag="245"><subfield code="a">The Saline standard.</subfield></datafield><datafield ind1=" " ind2=" " tag="260"><subfield code="a">Saline, Mich. :</subfield><subfield code="b">Louis J. Liesemer</subfield></datafield><datafield ind1=" " ind2=" " tag="300"><subfield code="a">v.</subfield></datafield><datafield ind1=" " ind2=" " tag="310"><subfield code="a">Weekly</subfield></datafield><datafield ind1="1" ind2=" " tag="362"><subfield code="a">Began in 1877; ceased in 1879. Cf., Brown, Elizabeth Read. "A union list of newspapers in Michigan ..."</subfield></datafield><datafield ind1=" " ind2=" " tag="580"><subfield code="a">Absorbed by: Ann Arbor Democrat?</subfield></datafield><datafield ind1=" " ind2=" " tag="588"><subfield code="a">Description based on: Vol. 1, no. 44 (Oct. 17, 1878).</subfield></datafield><datafield ind1=" " ind2="0" tag="651"><subfield code="a">Saline (Mich.)</subfield><subfield code="v">Newspapers.</subfield></datafield><datafield ind1=" " ind2="0" tag="651"><subfield code="a">Washtenaw County (Mich.)</subfield><subfield code="v">Newspapers.</subfield></datafield><datafield ind1=" " ind2="7" tag="655"><subfield code="a">Newspapers.</subfield><subfield code="2">fast</subfield><subfield code="0">(OCoLC)fst01423814</subfield></datafield><datafield ind1=" " ind2="7" tag="651"><subfield code="a">Michigan</subfield><subfield code="z">Saline.</subfield><subfield code="2">fast</subfield><subfield code="0">(OCoLC)fst01233139</subfield></datafield><datafield ind1=" " ind2="7" tag="651"><subfield code="a">Michigan</subfield><subfield code="z">Washtenaw County.</subfield><subfield code="2">fast</subfield><subfield code="0">(OCoLC)fst01214739</subfield></datafield><datafield ind1=" " ind2=" " tag="752"><subfield code="a">United States</subfield><subfield code="b">Michigan</subfield><subfield code="c">Washtenaw</subfield><subfield code="d">Saline.</subfield></datafield><datafield ind1="1" ind2="4" tag="785"><subfield code="t">Ann Arbor Democrat</subfield></datafield></record>